<?xml version="1.0" encoding="UTF-8"?><collection xmlns="http://www.loc.gov/MARC21/slim"><record><leader>00444nam--2200145-i-4500</leader><controlfield tag="001">000015539</controlfield><controlfield tag="002">20161230</controlfield><controlfield tag="005">20170210122931</controlfield><controlfield tag="008">060222s1000------------r-----000-0-eng-d</controlfield><datafield ind1=" " ind2=" " tag="245"><subfield code="a">Theory and computational science appendix to the daresbiry annual report 1984/1985</subfield></datafield><datafield ind1=" " ind2=" " tag="260"><subfield code="a">Warrington</subfield><subfield code="b">Science And Engineering Research Council</subfield><subfield code="c">1985</subfield></datafield><datafield ind1=" " ind2=" " tag="300"><subfield code="a">69 p</subfield></datafield><datafield ind1=" " ind2=" " tag="700"><subfield code="a">Durham, P</subfield></datafield><datafield ind1=" " ind2=" " tag="852"><subfield code="a">061.62:001.891(420)</subfield></datafield><datafield ind1=" " ind2=" " tag="CAT"><subfield code="a">SYS</subfield><subfield code="c">20170210</subfield><subfield code="h">122931</subfield></datafield></record></collection>